
@inproceedings{Yamauchi1997,
  title={A frontier-based approach for autonomous exploration},
  author={Yamauchi, Brian},
  booktitle={Computational Intelligence in Robotics and Automation, 1997. CIRA'97., Proceedings., 1997 IEEE International Symposium on},
  pages={146--151},
  year={1997},
  organization={IEEE}
}

@inproceedings{Yamauchi1998,
  title={Frontier-based exploration using multiple robots},
  author={Yamauchi, Brian},
  booktitle={Proceedings of the second international conference on Autonomous agents},
  pages={47--53},
  year={1998},
  organization={ACM}
}

@inproceedings{Burgard2000,
  year={2000},
  doi = {10.1109/robot.2000.844100},
  url = {https://doi.org/10.1109/robot.2000.844100},
  publisher = {{IEEE}},
  author = {W. Burgard and M. Moors and D. Fox and R. Simmons and S. Thrun},
  title = {Collaborative multi-robot exploration},
  booktitle = {Proceedings 2000 {ICRA}. Millennium Conference. {IEEE} International Conference on Robotics and Automation. Symposia Proceedings (Cat. No.00CH37065)}
}

@INPROCEEDINGS{Zlot2002,
    author = {Robert Zlot and Anthony Stentz and M. Bernardine Dias and Scott Thayer},
    title = {Multi-robot exploration controlled by a market economy},
    booktitle = {},
    year = {2002},
    pages = {3016--3023}
}

@article{Murphy2004,
  doi = {10.1109/tsmcc.2004.826267},
  url = {https://doi.org/10.1109/tsmcc.2004.826267},
  year = {2004},
  month = may,
  publisher = {Institute of Electrical and Electronics Engineers ({IEEE})},
  volume = {34},
  number = {2},
  pages = {138--153},
  author = {R.R. Murphy},
  title = {Human{\textendash}Robot Interaction in Rescue Robotics},
  journal = {{IEEE} Transactions on Systems,  Man and Cybernetics,  Part C (Applications and Reviews)}
}

@inproceedings{Endres,
  doi = {10.1109/robot.1998.677424},
  url = {https://doi.org/10.1109/robot.1998.677424},
  publisher = {{IEEE}},
  author = {H. Endres and W. Feiten and G. Lawitzky},
  title = {Field test of a navigation system: autonomous cleaning in supermarkets},
  booktitle = {Proceedings. 1998 {IEEE} International Conference on Robotics and Automation (Cat. No.98CH36146)}
}
@article{Pinheiro2015,
  year = {2015},
  month = {April},
  volume = {5},
  number = {2},
  author = {Paulo Pinheiro and Eleri Cardozo and Jacques Wainer and Eric Rohmer},
  title = {Cleaning Task Planning for an Autonomous Robot in Indoor Places with Multiples Rooms},
  journal = {International Journal of Machine Learning and Computing}
}

@inproceedings{Wurm2008,
  doi = {10.1109/iros.2008.4650734},
  url = {https://doi.org/10.1109/iros.2008.4650734},
  year = {2008},
  month = sep,
  publisher = {{IEEE}},
  author = {K.M. Wurm and C. Stachniss and W. Burgard},
  title = {Coordinated multi-robot exploration using a segmentation of the environment},
  booktitle = {2008 {IEEE}/{RSJ} International Conference on Intelligent Robots and Systems}
}

@article{Julia2012,
  doi = {10.1007/s10514-012-9298-8},
  url = {https://doi.org/10.1007/s10514-012-9298-8},
  year  = {2012},
  month = {may},
  publisher = {Springer Nature},
  volume = {33},
  number = {4},
  pages = {427--444},
  author = {Miguel Juli{\'{a}} and Arturo Gil and Oscar Reinoso},
  title = {A comparison of path planning strategies for autonomous exploration and mapping of unknown environments},
  journal = {Autonomous Robots}
}


@article{Burgard2005,
  doi = {10.1109/tro.2004.839232},
  url = {https://doi.org/10.1109/tro.2004.839232},
  year  = {2005},
  month = {June},
  publisher = {Institute of Electrical and Electronics Engineers ({IEEE})},
  volume = {21},
  number = {3},
  pages = {376--386},
  author = {W. Burgard and M. Moors and C. Stachniss and F.E. Schneider},
  title = {Coordinated multi-robot exploration},
  journal = {{IEEE} Transactions on Robotics}
}

@inproceedings{Umari2017,
  doi = {10.1109/iros.2017.8202319},
  url = {https://doi.org/10.1109/iros.2017.8202319},
  year  = {2017},
  month = {sep},
  publisher = {{IEEE}},
  author = {Hassan Umari and Shayok Mukhopadhyay},
  title = {Autonomous robotic exploration based on multiple rapidly-exploring randomized trees},
  booktitle = {2017 {IEEE}/{RSJ} International Conference on Intelligent Robots and Systems ({IROS})}
}

@article{Dias2006,
  doi = {10.1109/jproc.2006.876939},
  url = {https://doi.org/10.1109/jproc.2006.876939},
  year = {2006},
  month = jul,
  publisher = {Institute of Electrical and Electronics Engineers ({IEEE})},
  volume = {94},
  number = {7},
  pages = {1257--1270},
  author = {M.B. Dias and R. Zlot and N. Kalra and A. Stentz},
  title = {Market-Based Multirobot Coordination: A Survey and Analysis},
  journal = {Proceedings of the {IEEE}}
}

@inproceedings{Dias2003,
  doi = {10.1109/iros.2003.1249210},
  url = {https://doi.org/10.1109/iros.2003.1249210},
  publisher = {{IEEE}},
  author = {M.B. Dias and A. Stentz},
  title = {A comparative study between centralized,  market-based,  and behavioral multirobot coordination approaches},
  booktitle = {Proceedings 2003 {IEEE}/{RSJ} International Conference on Intelligent Robots and Systems ({IROS} 2003) (Cat. No.03CH37453)}
}

@article{Wurman2008,
  year = {2008},
  month = {March},
  volume = {29},
  number = {1},
  pages = {9-20},
  author = {P. R. Wurman and R. D'Andrea and M. Mountz},
  title = {Coordinating hundreds of cooperative, autonomous vehicles in warehouses},
  journal = {AI Magazine}
}

@inproceedings{GuFang2004,
  doi = {10.1109/ramech.2004.1438033},
  url = {https://doi.org/10.1109/ramech.2004.1438033},
  publisher = {{IEEE}},
  author = {Gu Fang and G. Dissanayake and H. Lau},
  title = {A behaviour-based optimisation strategy for multi-robot exploration},
  booktitle = {{IEEE} Conference on Robotics,  Automation and Mechatronics,  2004.}
}


@inproceedings{Hess2016,
  title={Real-time loop closure in 2D LIDAR SLAM},
  author={Hess, Wolfgang and Kohler, Damon and Rapp, Holger and Andor, Daniel},
  booktitle={Robotics and Automation (ICRA), 2016 IEEE International Conference on},
  pages={1271--1278},
  year={2016},
  organization={IEEE}
}

@article{Orsulic2019,
  doi = {10.1109/lra.2019.2928203},
  url = {https://doi.org/10.1109/lra.2019.2928203},
  year = {2019},
  publisher = {Institute of Electrical and Electronics Engineers ({IEEE})},
  pages = {1--1},
  author = {Juraj Orsulic and Damjan Miklic and Zdenko Kovacic},
  title = {Efficient Dense Frontier Detection for 2D Graph {SLAM} Based on Occupancy Grid Submaps},
  journal = {{IEEE} Robotics and Automation Letters}
}

@article{Yan2013,
  doi = {10.5772/57313},
  url = {https://doi.org/10.5772/57313},
  year = {2013},
  month = jan,
  publisher = {{SAGE} Publications},
  volume = {10},
  number = {12},
  pages = {399},
  author = {Zhi Yan and Nicolas Jouandeau and Arab Ali Cherif},
  title = {A Survey and Analysis of Multi-Robot Coordination},
  journal = {International Journal of Advanced Robotic Systems}
}

@article{Dias2000,
  doi = {10.1184/r1/6550274.v1},
  url = {https://figshare.com/articles/A_Free_Market_Architecture_for_Distributed_Control_of_a_Multirobot_System/6550274/1},
  author = {{M. Bernardine  Dias} and Stentz,  Anthony},
  keywords = {80101 Adaptive Agents and Intelligent Robotics},
  title = {A Free Market Architecture for Distributed Control of a Multirobot System},
  publisher = {Figshare},
  year = {2018}
}

@article{Kuhn1955,
  doi = {10.1002/nav.3800020109},
  url = {https://doi.org/10.1002/nav.3800020109},
  year = {1955},
  month = mar,
  publisher = {Wiley},
  volume = {2},
  number = {1-2},
  pages = {83--97},
  author = {H. W. Kuhn},
  title = {The Hungarian method for the assignment problem},
  journal = {Naval Research Logistics Quarterly}
}

@article{Kulich2015,
  doi = {10.14311/ap.2015.55.0162},
  url = {https://doi.org/10.14311/ap.2015.55.0162},
  year = {2015},
  month = jun,
  publisher = {Czech Technical University in Prague - Central Library},
  volume = {55},
  number = {3},
  pages = {162--168},
  author = {Miroslav Kulich and Tom{\'{a}}{\v{s}} Juchelka and Libor P{\v{r}}eu{\v{c}}il},
  title = {COMPARISON OF EXPLORATION STRATEGIES FOR MULTI-ROBOT SEARCH},
  journal = {Acta Polytechnica}
}

@INPROCEEDINGS{Mataric2001,
    author = {Maja J. Mataric and Gaurav S. Sukhatme},
    title = {Task-allocation and Coordination of Multiple Robots for Planetary Exploration},
    booktitle = {In Proceedings of the 10th International Conference on Advanced Robotics},
    year = {2001},
    pages = {61--70}
}
 @MISC{stageweb,
  author = {Richard Vaughan and Brian Gerkeyand and Reed Hedges and others},
  title = {Stage v4.1.1},
  howpublished = {http://wiki.ros.org/stage},
  year = {2012}
 }
 
 @inproceedings{Michael2008,
  year  = {2008},
  publisher = {{IEEE}},
  pages = {128-133},
  author = {Nathan Michael and Michael M. Zavlanos and Vijay Kumar and George J. Pappas},
  title = {Distributed multi-robot task assignment and formation control},
  booktitle = {2008 IEEE International Conference on Robotics and Automation}
}
 
